<record><leader>00000cas a22000007a 4500</leader><controlfield tag="001">12541005</controlfield><controlfield tag="008">850912d18681870iauwr ne      0    0eng d</controlfield><datafield ind1=" " ind2=" " tag="010"><subfield code="a">sn 85049783 </subfield></datafield><datafield ind1=" " ind2=" " tag="040"><subfield code="a">INP</subfield><subfield code="b">eng</subfield><subfield code="c">INP</subfield><subfield code="d">OCLCQ</subfield></datafield><datafield ind1=" " ind2=" " tag="042"><subfield code="a">msc</subfield></datafield><datafield ind1="0" ind2=" " tag="130"><subfield code="a">Copper head (Ottumwa, Iowa)</subfield></datafield><datafield ind1="1" ind2="0" tag="245"><subfield code="a">Copper head.</subfield></datafield><datafield ind1="1" ind2="7" tag="246"><subfield code="a">Copperhead</subfield></datafield><datafield ind1=" " ind2=" " tag="260"><subfield code="a">Ottumwa, Iowa :</subfield><subfield code="b">McCully &amp; Evans,</subfield><subfield code="c">-1870.</subfield></datafield><datafield ind1=" " ind2=" " tag="300"><subfield code="a">v. :</subfield><subfield code="b">ill. ;</subfield><subfield code="c">53 cm.</subfield></datafield><datafield ind1=" " ind2=" " tag="310"><subfield code="a">Weekly</subfield></datafield><datafield ind1="1" ind2=" " tag="362"><subfield code="a">Began in Mar. 1868.</subfield><subfield code="z">Cf. Bibl. of Iowa newspapers.</subfield></datafield><datafield ind1="0" ind2=" " tag="362"><subfield code="a">-v. 3, no. 52 (Dec. 29, 1870).</subfield></datafield><datafield ind1=" " ind2=" " tag="500"><subfield code="a">Later publisher: Sam B. Evans, Dec. 15-Dec. 29, 1870.</subfield></datafield><datafield ind1=" " ind2=" " tag="500"><subfield code="a">Editor: Sam B. Evans.</subfield></datafield><datafield ind1=" " ind2=" " tag="588"><subfield code="a">Description based on: Vol. 3, no. 24 (June 16, 1870).</subfield></datafield><datafield ind1=" " ind2=" " tag="752"><subfield code="a">United States</subfield><subfield code="b">Iowa</subfield><subfield code="c">Wapello</subfield><subfield code="d">Ottumwa.</subfield></datafield><datafield ind1="0" ind2="0" tag="780"><subfield code="t">Copper head (Pella, Iowa)</subfield><subfield code="w">(DLC)sn 87057379</subfield></datafield><datafield ind1="0" ind2="0" tag="785"><subfield code="t">Ottumwa Democrat</subfield><subfield code="w">(DLC)sn 85049784</subfield></datafield><datafield ind1="1" ind2=" " tag="029"><subfield code="a">AU@</subfield><subfield code="b">000023410815</subfield></datafield></record>